@article{1,
  author={Merlo, Alessio and Migliardi, Mauro and Gobbo, Nicola and Palmieri, Francesco and Castiglione, Aniello},
  journal={IEEE Transactions on Dependable and Secure Computing}, 
  title={A Denial of Service Attack to UMTS Networks Using SIM-Less Devices}, 
  year={2014},
  volume={11},
  number={3},
  pages={280-291},
  doi={10.1109/TDSC.2014.2315198}
}